@inproceedings{Bauer2010,
  author    = {Sebastian S. Bauer and
               Philip Mayer and
               Andreas Schroeder and
               Rolf Hennicker},
  title     = {On Weak Modal Compatibility, Refinement, and the {MIO} Workbench},
  booktitle = {Tools and Algorithms for the Construction and Analysis of Systems,
               16th International Conference, {TACAS} 2010, Held as Part of the Joint
               European Conferences on Theory and Practice of Software, {ETAPS} 2010,
               Paphos, Cyprus, March 20-28, 2010. Proceedings},
  pages     = {175--189},
  year      = {2010},
  url       = {https://doi.org/10.1007/978-3-642-12002-2_15},
  doi       = {10.1007/978-3-642-12002-2_15},
  timestamp = {Wed, 24 May 2017 08:28:32 +0200},
  biburl    = {http://dblp.uni-trier.de/rec/bib/conf/tacas/BauerMSH10},
  bibsource = {dblp computer science bibliography, http://dblp.org}
}

@article{Vogler2014EIO,
  author    = {Ferenc Bujtor and
               Walter Vogler},
  title     = {Error-pruning in interface automata},
  journal   = {Theor. Comput. Sci.},
  volume    = {597},
  pages     = {18--39},
  year      = {2015},
  url       = {http://dx.doi.org/10.1016/j.tcs.2015.06.047},
  doi       = {10.1016/j.tcs.2015.06.047},
  timestamp = {Wed, 12 Aug 2015 13:46:02 +0200},
  biburl    = {http://dblp.uni-trier.de/rec/bib/journals/tcs/BujtorV15},
  bibsource = {dblp computer science bibliography, http://dblp.org}
}

@article{Chilton2013,
  author    = {Chris Chilton and
               Bengt Jonsson and
               Marta Z. Kwiatkowska},
  title     = {An algebraic theory of interface automata},
  journal   = {Theor. Comput. Sci.},
  volume    = {549},
  pages     = {146--174},
  year      = {2014},
  url       = {http://dx.doi.org/10.1016/j.tcs.2014.07.018},
  doi       = {10.1016/j.tcs.2014.07.018},
  timestamp = {Thu, 18 Sep 2014 10:13:13 +0200},
  biburl    = {http://dblp.uni-trier.de/rec/bib/journals/tcs/ChiltonJK14},
  bibsource = {dblp computer science bibliography, http://dblp.org}
}

@Bachelorsthesis{Schlosser2012BA,
  typn        = {Bachelorarbeit},
  author      = {Christoph Franz Schlosser},
  title       = {EIO-Automaten mit Parallelkomposition ohne Internalisierung},
  institution = {Universität Augsburg},
  year        = {2012},
}

@book{Lynch1996,
  author    = {Nancy A. Lynch},
  title     = {Distributed Algorithms},
  publisher = {Morgan Kaufmann},
  year      = {1996},
  isbn      = {1-55860-348-4},
  timestamp = {Mon, 28 Jan 2002 16:09:36 +0100},
  biburl    = {http://dblp.uni-trier.de/rec/bib/books/mk/Lynch96},
  bibsource = {dblp computer science bibliography, http://dblp.org}
}

@inbook{Alfaro2004,
  author    = {de Alfaro, Luca and Henzinger, Thomas A.},
  title     = {Interface-Based Design},
  bookTitle = {Engineering Theories of Software Intensive Systems:
               Proceedings of the NATO Advanced Study Institute on Engineering Theories of Software Intensive Systems Marktoberdorf, 
               Germany 3--15 August 2004},
  year      = {2005},
  publisher = {Springer Netherlands},
  address   = {Dordrecht},
  pages     = {83--104},
  isbn      = {978-1-4020-3532-6},
  doi       = {10.1007/1-4020-3532-2_3},
  url       = {http://dx.doi.org/10.1007/1-4020-3532-2_3}
}

@book{Milner1989,
  author    = {Robin Milner},
  title     = {Communication and Concurrency},
  series    = {{PHI} Series in computer science},
  publisher = {Prentice Hall},
  year      = {1989},
  isbn      = {978-0-13-115007-2},
  timestamp = {Wed, 27 Apr 2011 17:30:28 +0200},
  biburl    = {http://dblp.uni-trier.de/rec/bib/books/daglib/0067019},
  bibsource = {dblp computer science bibliography, http://dblp.org}
}

@Book{Hoare1985,
  Title     = {Communicating Sequential Processes},
  Author    = {C. A. R. Hoare},
  Publisher = {Prentice-Hall},
  Year      = {1985},

  Bibsource = {dblp computer science bibliography, http://dblp.org},
  Biburl    = {http://dblp.uni-trier.de/rec/bib/books/ph/Hoare85},
  ISBN      = {0-13-153271-5},
  Timestamp = {Thu, 03 Jan 2002 11:51:40 +0100}
}

@article{Vogler2016MIA3,
  author    = {Ferenc Bujtor and
               Sascha Fendrich and
               Gerald L{\"{u}}ttgen and
               Walter Vogler},
  title     = {Nondeterministic modal interfaces},
  journal   = {Theor. Comput. Sci.},
  volume    = {642},
  pages     = {24--53},
  year      = {2016},
  url       = {http://dx.doi.org/10.1016/j.tcs.2016.06.011},
  doi       = {10.1016/j.tcs.2016.06.011},
  timestamp = {Wed, 27 Jul 2016 16:42:53 +0200},
  biburl    = {http://dblp.uni-trier.de/rec/bib/journals/tcs/BujtorFLV16},
  bibsource = {dblp computer science bibliography, http://dblp.org}
}

@Bachelorsthesis{Schinko2016BA,
  typn        = {Bachelorarbeit},
  author      = {Ayleen Schinko},
  title       = {Kommunikationsfehler, Verklemmung und Divergenz bei Interface-Automaten},
  institution = {Universität Augsburg},
  year        = {2016},
}

@article{Vogler2015FailSem,
  author    = {Ferenc Bujtor and
               Walter Vogler},
  title     = {Failure semantics for modal transition systems},
  journal   = {{ACM} Trans. Embedded Comput. Syst.},
  volume    = {14},
  number    = {4},
  pages     = {67:1--67:30},
  year      = {2015},
  url       = {http://doi.acm.org/10.1145/2746336},
  doi       = {10.1145/2746336},
  timestamp = {Tue, 03 Jan 2017 10:49:11 +0100},
  biburl    = {http://dblp.uni-trier.de/rec/bib/journals/tecs/BujtorV15},
  bibsource = {dblp computer science bibliography, http://dblp.org}
}

@article{Luttgen2013MIA1,
  author    = {Gerald L{\"{u}}ttgen and
               Walter Vogler},
  title     = {Modal Interface Automata},
  journal   = {Logical Methods in Computer Science},
  volume    = {9},
  number    = {3},
  year      = {2013},
  url       = {https://doi.org/10.2168/LMCS-9(3:4)2013},
  doi       = {10.2168/LMCS-9(3:4)2013},
  timestamp = {Wed, 03 May 2017 14:47:58 +0200},
  biburl    = {http://dblp.uni-trier.de/rec/bib/journals/corr/LuttgenV13},
  bibsource = {dblp computer science bibliography, http://dblp.org}
}

@inproceedings{Larsen1989,
  author    = {Kim Guldstrand Larsen},
  title     = {Modal Specifications},
  booktitle = {Automatic Verification Methods for Finite State Systems, International
               Workshop, Grenoble, France, June 12-14, 1989, Proceedings},
  pages     = {232--246},
  year      = {1989},
  url       = {https://doi.org/10.1007/3-540-52148-8_19},
  doi       = {10.1007/3-540-52148-8_19},
  timestamp = {Fri, 19 May 2017 13:10:47 +0200},
  biburl    = {http://dblp.uni-trier.de/rec/bib/conf/avmfss/Larsen89},
  bibsource = {dblp computer science bibliography, http://dblp.org}
}

@article{Vogler2017dMTS,
  author    = {Ferenc Bujtor and
               Lev Sorokin and
               Walter Vogler},
  title     = {Testing Preorders for dMTS: Deadlock- and the New Deadlock-/DivergenceTesting},
  journal   = {{ACM} Trans. Embedded Comput. Syst.},
  volume    = {16},
  number    = {2},
  pages     = {41:1--41:28},
  year      = {2017},
  url       = {http://doi.acm.org/10.1145/2984641},
  doi       = {10.1145/2984641},
  timestamp = {Tue, 18 Apr 2017 01:00:00 +0200},
  biburl    = {http://dblp.uni-trier.de/rec/bib/journals/tecs/BujtorSV17},
  bibsource = {dblp computer science bibliography, http://dblp.org}
}
